@techreport{goodfellow_generative_2014,
	added-at = {2017-01-09T13:57:26.000+0100},
	author = {Goodfellow, Ian J. and Pouget-Abadie, Jean and Mirza, Mehdi and Xu, Bing and Warde-Farley, David and Ozair, Sherjil and Courville, Aaron and Bengio, Yoshua},
	biburl = {https://www.bibsonomy.org/bibtex/26ac35c50dee39ad973298799a489b95a/yourwelcome},
	interhash = {2f4fdea569fc1ba2057a9af75bb95bc4},
	intrahash = {6ac35c50dee39ad973298799a489b95a},
	keywords = {Learning, Machine deep generative learning learning, model, unsupervised},
	month = jun,
	timestamp = {2017-01-09T14:01:11.000+0100},
	title = {Generative {Adversarial} {Networks}},
	url = {https://arxiv.org/abs/1406.2661},
	urldate = {2017-01-08},
	year = 2014
}

@book{Goodfellow-et-al-2016,
	title={Deep Learning},
	author={Ian Goodfellow and Yoshua Bengio and Aaron Courville},
	publisher={MIT Press},
	note={\url{http://www.deeplearningbook.org}},
	year={2016}
}

@techreport{DBLP:journals/corr/MirzaO14,
	author    = {Mehdi Mirza and
	Simon Osindero},
	title     = {Conditional Generative Adversarial Nets},
	journal   = {CoRR},
	volume    = {abs/1411.1784},
	year      = {2014},
	url       = {http://arxiv.org/abs/1411.1784},
	archivePrefix = {arXiv},
	eprint    = {1411.1784},
	timestamp = {Mon, 13 Aug 2018 16:48:15 +0200},
	biburl    = {https://dblp.org/rec/journals/corr/MirzaO14.bib},
	bibsource = {dblp computer science bibliography, https://dblp.org}
}

@techreport{DBLP:journals/corr/IsolaZZE16,
	author    = {Phillip Isola and
	Jun{-}Yan Zhu and
	Tinghui Zhou and
	Alexei A. Efros},
	title     = {Image-to-Image Translation with Conditional Adversarial Networks},
	journal   = {CoRR},
	volume    = {abs/1611.07004},
	year      = {2016},
	url       = {http://arxiv.org/abs/1611.07004},
	archivePrefix = {arXiv},
	eprint    = {1611.07004},
	timestamp = {Mon, 13 Aug 2018 16:49:05 +0200},
	biburl    = {https://dblp.org/rec/journals/corr/IsolaZZE16.bib},
	bibsource = {dblp computer science bibliography, https://dblp.org}
}

@techreport{DBLP:journals/corr/abs-1802-03446,
	author    = {Ali Borji},
	title     = {Pros and Cons of {GAN} Evaluation Measures},
	journal   = {CoRR},
	volume    = {abs/1802.03446},
	year      = {2018},
	url       = {http://arxiv.org/abs/1802.03446},
	archivePrefix = {arXiv},
	eprint    = {1802.03446},
	timestamp = {Mon, 13 Aug 2018 16:46:34 +0200},
	biburl    = {https://dblp.org/rec/journals/corr/abs-1802-03446.bib},
	bibsource = {dblp computer science bibliography, https://dblp.org}
}

@techreport{DBLP:journals/corr/SalimansGZCRC16,
	author    = {Tim Salimans and
	Ian J. Goodfellow and
	Wojciech Zaremba and
	Vicki Cheung and
	Alec Radford and
	Xi Chen},
	title     = {Improved Techniques for Training GANs},
	journal   = {CoRR},
	volume    = {abs/1606.03498},
	year      = {2016},
	url       = {http://arxiv.org/abs/1606.03498},
	archivePrefix = {arXiv},
	eprint    = {1606.03498},
	timestamp = {Sun, 16 Sep 2018 14:17:04 +0200},
	biburl    = {https://dblp.org/rec/journals/corr/SalimansGZCRC16.bib},
	bibsource = {dblp computer science bibliography, https://dblp.org}
}

@techreport{DBLP:journals/corr/HeuselRUNKH17,
	author    = {Martin Heusel and
	Hubert Ramsauer and
	Thomas Unterthiner and
	Bernhard Nessler and
	G{\"{u}}nter Klambauer and
	Sepp Hochreiter},
	title     = {GANs Trained by a Two Time-Scale Update Rule Converge to a Nash Equilibrium},
	journal   = {CoRR},
	volume    = {abs/1706.08500},
	year      = {2017},
	url       = {http://arxiv.org/abs/1706.08500},
	archivePrefix = {arXiv},
	eprint    = {1706.08500},
	timestamp = {Mon, 13 Aug 2018 16:48:19 +0200},
	biburl    = {https://dblp.org/rec/journals/corr/HeuselRUNKH17.bib},
	bibsource = {dblp computer science bibliography, https://dblp.org}
}

@article{DBLP:journals/corr/Goodfellow17,
	author    = {Ian J. Goodfellow},
	title     = {{NIPS} 2016 Tutorial: Generative Adversarial Networks},
	journal   = {CoRR},
	volume    = {abs/1701.00160},
	year      = {2017},
	url       = {http://arxiv.org/abs/1701.00160},
	archivePrefix = {arXiv},
	eprint    = {1701.00160},
	timestamp = {Mon, 13 Aug 2018 16:46:12 +0200},
	biburl    = {https://dblp.org/rec/journals/corr/Goodfellow17.bib},
	bibsource = {dblp computer science bibliography, https://dblp.org}
}

@misc{tensorflow2020, url={https://www.tensorflow.org/tutorials/generative/dcgan?hl=en}, journal={TensorFlow}, year={2020} }

@misc{pawan_2020, title={My First Encounter with GANS}, url={https://towardsdatascience.com/my-first-encounter-with-gans-6c0114f60cd7}, journal={Medium}, author={Pawan, Jain}, year={2020} }






